@book{reproducibility_in_science,
  title = {Reproducibility and Replicability in Science},
  author = {Committee on Reproducibility and Replicability in Science},
  publisher = {National Academies Press},
  year = {2019},
  isbn = {978-0-309-48616-3}
}
@article{baker2016,
  title={1,500 scientists lift the lid on reproducibility},
  author={Baker, Monya},
  journal={Nature},
  volume={533},
  pages={452-454},
  year={2016},
  doi={10.1038/533452a},
}
@article{korbmacher2023replication,
  title = {The replication crisis has led to positive structural, procedural, and community changes},
  author = {Korbmacher, Max and Azevedo, Fl{\'a}vio and et. al.},
  journal = {Communications Psychology},
  volume = {1},
  number = {1},
  pages = {3},
  year = {2023},
  doi = {10.1038/s44271-023-00003-2}
}
@misc{us-rse,
  key = {usrse},
  title = {United States Research Software Association},
  howpublished = {\url{https://us-rse.org}},
  year = {2017},
}
@misc{bssw,
  key = {bssw},
  title = {Better Scientific Software (BSSw)},
  howpublished = {\url{https://bssw.io/}},
  year = {2017},
}
@misc{uk-rse,
  key = {ukrse},
  title = {Society of Research Software Engineers},
  howpublished = {\url{https://society-rse.org/about/history/}},
  year = {2012},
}
